<?xml version="1.0" encoding="UTF-8" ?><marc:record xmlns:marc="http://www.loc.gov/MARC21/slim"><marc:leader>00707nam a2200205   4500</marc:leader><marc:controlfield tag="001">1000012</marc:controlfield><marc:controlfield tag="008">100120m18181826    enk       |00|| und d</marc:controlfield><marc:datafield tag="100" ind1="1" ind2=" "><marc:subfield code="a">Kirby, William.</marc:subfield></marc:datafield><marc:datafield tag="245" ind1="1" ind2="3"><marc:subfield code="a">An introduction to entomology.</marc:subfield></marc:datafield><marc:datafield tag="260" ind1=" " ind2=" "><marc:subfield code="a">London :</marc:subfield><marc:subfield code="b">Longman, Hurst, Rees, Orme &amp; Brown,</marc:subfield><marc:subfield code="c">1818-1826.</marc:subfield></marc:datafield><marc:datafield tag="300" ind1=" " ind2=" "><marc:subfield code="a">4 vols.</marc:subfield></marc:datafield><marc:datafield tag="500" ind1=" " ind2=" "><marc:subfield code="a">Pre-Beagle.</marc:subfield></marc:datafield><marc:datafield tag="500" ind1=" " ind2=" "><marc:subfield code="a">3rd edn, vol. 1 (1818), 2nd edn, vol. 2 (1818), 1st edn, vols. 3 &amp; 4 (1826).</marc:subfield></marc:datafield><marc:datafield tag="500" ind1=" " ind2=" "><marc:subfield code="a">Location: Cambridge.</marc:subfield></marc:datafield><marc:datafield tag="500" ind1=" " ind2=" "><marc:subfield code="a">Identifier: Kirby2006fz26R.</marc:subfield></marc:datafield><marc:datafield tag="500" ind1=" " ind2=" "><marc:subfield code="a">Public number: 0729.</marc:subfield></marc:datafield><marc:datafield tag="561" ind1=" " ind2=" "><marc:subfield code="a">From the library of Charles Darwin.</marc:subfield></marc:datafield><marc:datafield tag="599" ind1=" " ind2=" "><marc:subfield code="a">Includes 17 manuscript sheets.</marc:subfield></marc:datafield><marc:datafield tag="700" ind1="1" ind2=" "><marc:subfield code="a">Spence, William.</marc:subfield></marc:datafield><marc:datafield tag="770" ind1="0" ind2=" "><marc:subfield code="t">Manuscript material.</marc:subfield><marc:subfield code="o">Kirby2006fz26R_MS</marc:subfield></marc:datafield></marc:record>